<record><leader>00000cas a2200000 a 4500</leader><controlfield tag="001">36010842</controlfield><controlfield tag="008">961127d19121913oruwr ne      0    0eng c</controlfield><datafield ind1=" " ind2=" " tag="010"><subfield code="a">sn 96088465 </subfield></datafield><datafield ind1=" " ind2=" " tag="040"><subfield code="a">OCN</subfield><subfield code="b">eng</subfield><subfield code="c">OCN</subfield><subfield code="d">OCLCQ</subfield><subfield code="d">ORU</subfield><subfield code="d">OCLCQ</subfield><subfield code="d">OCLCF</subfield><subfield code="d">OCLCO</subfield></datafield><datafield ind1=" " ind2=" " tag="042"><subfield code="a">pcc</subfield></datafield><datafield ind1=" " ind2=" " tag="043"><subfield code="a">n-us-or</subfield></datafield><datafield ind1="0" ind2="0" tag="245"><subfield code="a">Albany weekly democrat.</subfield></datafield><datafield ind1="1" ind2="3" tag="246"><subfield code="a">Albany democrat</subfield></datafield><datafield ind1=" " ind2=" " tag="260"><subfield code="a">Albany, Linn County, Or. :</subfield><subfield code="b">Wm. H. Hornbrook,</subfield><subfield code="c">1912-1913.</subfield></datafield><datafield ind1=" " ind2=" " tag="300"><subfield code="a">2 v.</subfield></datafield><datafield ind1=" " ind2=" " tag="310"><subfield code="a">Weekly</subfield></datafield><datafield ind1="0" ind2=" " tag="362"><subfield code="a">Vol. 47, no. 45 (June 7, 1912)-v.48, no. 27 (Jan. 31, 1913).</subfield></datafield><datafield ind1=" " ind2=" " tag="530"><subfield code="a">Also issued on microfilm from University of Oregon.</subfield></datafield><datafield ind1=" " ind2="0" tag="651"><subfield code="a">Albany (Or.)</subfield><subfield code="v">Newspapers.</subfield></datafield><datafield ind1=" " ind2="7" tag="655"><subfield code="a">Newspapers.</subfield><subfield code="2">fast</subfield><subfield code="0">(OCoLC)fst01423814</subfield></datafield><datafield ind1=" " ind2="7" tag="651"><subfield code="a">Oregon</subfield><subfield code="z">Albany.</subfield><subfield code="2">fast</subfield><subfield code="0">(OCoLC)fst01209399</subfield></datafield><datafield ind1=" " ind2=" " tag="752"><subfield code="a">United States</subfield><subfield code="b">Oregon</subfield><subfield code="c">Linn</subfield><subfield code="d">Albany.</subfield></datafield><datafield ind1="0" ind2=" " tag="775"><subfield code="t">Albany daily democrat</subfield><subfield code="w">(DLC)sn 96088450</subfield><subfield code="w">(OCoLC)36010874</subfield></datafield><datafield ind1="0" ind2="0" tag="780"><subfield code="t">Albany democrat (Albany, Or. : 1900)</subfield><subfield code="w">(DLC)sn 96088449</subfield><subfield code="w">(OCoLC)36010836</subfield></datafield><datafield ind1="0" ind2="0" tag="785"><subfield code="t">Semi-weekly democrat (Albany, Or.)</subfield><subfield code="w">(DLC)sn 96088455</subfield><subfield code="w">(OCoLC)36020167</subfield></datafield></record>